@Book{cormen:01,
  author = 	 {Cormen, Thomas H. and Leiserson, Charles E. and Rivest, Ronald L. and Stein, Clifford},
  title = 	 {Introduction to Algorithms},
  publisher = 	 {Leiserson},
  year = 	 {2001},
  edition = 	 {2nd}
}

@Book{stuart:00,
  author = 	 {Stuart Russell and Peter Norvig},
  title = 	 {Artificial Intelligence -- A Modern Approach},
  publisher = 	 {Prentice Hall},
  year = 	 {2000},
  edition = 	 {4th}
}